<?xml version="1.0" encoding="UTF-8"?><collection xmlns="http://www.loc.gov/MARC21/slim"><record><leader>00647nam--2200241-u-4500</leader><controlfield tag="001">000050305</controlfield><controlfield tag="002">20161230</controlfield><controlfield tag="003">81766</controlfield><controlfield tag="005">20161230201048</controlfield><controlfield tag="008">060523s1000------------r-----000-0-eng-d</controlfield><datafield ind1=" " ind2=" " tag="020"><subfield code="a">0-10-852059-X</subfield></datafield><datafield ind1=" " ind2=" " tag="040"><subfield code="a">IFIN-HH</subfield></datafield><datafield ind1=" " ind2=" " tag="041"><subfield code="a">eng</subfield></datafield><datafield ind1=" " ind2=" " tag="080"><subfield code="a">544.169:544.971:544.022.554</subfield></datafield><datafield ind1="1" ind2=" " tag="100"><subfield code="a">Rubinstein, Michael</subfield></datafield><datafield ind1="1" ind2="0" tag="245"><subfield code="a">Polymer Physics</subfield><subfield code="c">Michael Ribinstein, Ralph H. Colby</subfield></datafield><datafield ind1=" " ind2=" " tag="260"><subfield code="a">New York</subfield><subfield code="b">Oxford University Press</subfield><subfield code="c">2003</subfield></datafield><datafield ind1=" " ind2=" " tag="300"><subfield code="a">440 p</subfield></datafield><datafield ind1=" " ind2=" " tag="504"><subfield code="a">Contine Referinte bibliografice si Index</subfield></datafield><datafield ind1=" " ind2="4" tag="650"><subfield code="a">Valence</subfield></datafield><datafield ind1="1" ind2=" " tag="700"><subfield code="a">Colby, Ralph H</subfield></datafield><datafield ind1=" " ind2=" " tag="852"><subfield code="a">81766</subfield><subfield code="c">541.64</subfield></datafield><datafield ind1=" " ind2=" " tag="CAT"><subfield code="a">Sys</subfield><subfield code="c">20110406</subfield><subfield code="h">100848</subfield></datafield></record></collection>